 
Bibtex (bib) file for Jeff's thesis.

@article{Weinberg:1967tq,
      author         = "Weinberg, Steven",
      title          = "A Model of Leptons",
      journal        = "Phys.~Rev.~Lett.",
      volume         = "19",
      pages          = "1264-1266",
      doi            = "10.1103/PhysRevLett.19.1264",
      year           = "1967",
      SLACcitation   = "%%CITATION = PRLTA,19,1264;%%",
}
@article{PhysRevLett.13.508,
  volume = {13},
  journal = {Phys.~Rev.~Lett.},
  author = {Higgs, Peter W.},
  month = {Oct},
  url = {http://link.aps.org/doi/10.1103/PhysRevLett.13.508},
  doi = {10.1103/PhysRevLett.13.508},
  year = {1964},
  title = {Broken Symmetries and the Masses of Gauge Bosons},
  issue = {16},
  publisher = {American Physical Society},
  pages = {508--509}
}
@article{PhysRevLett.13.321,
  volume = {13},
  journal = {Phys.~Rev.~Lett.},
  author = {Englert, F. and Brout, R.},
  month = {Aug},
  url = {http://link.aps.org/doi/10.1103/PhysRevLett.13.321},
  doi = {10.1103/PhysRevLett.13.321},
  year = {1964},
  title = {Broken Symmetry and the Mass of Gauge Vector Mesons},
  issue = {9},
  publisher = {American Physical Society},
  pages = {321--323}
}
@article{PhysRevLett.13.585,
  volume = {13},
  journal = {Phys.~Rev.~Lett.},
  author = {Guralnik, G. S. and Hagen, C. R. and Kibble, T. W. B.},
  month = {Nov},
  url = {http://link.aps.org/doi/10.1103/PhysRevLett.13.585},
  doi = {10.1103/PhysRevLett.13.585},
  year = {1964},
  title = "Global Conservation Laws and Massless Particles",
  issue = {20},
  publisher = {American Physical Society},
  pages = {585--587}
}
@article{PhysRevLett.30.1343,
  volume = {30},
  journal = {Phys.~Rev.~Lett.},
  author = {Gross, David J. and Wilczek, Frank},
  month = {Jun},
  url = {http://link.aps.org/doi/10.1103/PhysRevLett.30.1343},
  doi = {10.1103/PhysRevLett.30.1343},
  year = {1973},
  title = {Ultraviolet Behavior of Non-Abelian Gauge Theories},
  issue = {26},
  publisher = {American Physical Society},
  pages = {1343--1346}
}
@Article{Salam:1974,
  title = {Lepton Number as the Fourth Color},
  author = {Pati, Jogesh C. and Salam, Abdus },
  journal = {Phys.~Rev.~D},
  volume = {10},
  number = {1},
  pages = {275--289},
  numpages = {14},
  year = {1974},
  month = {Jul},
  doi = {10.1103/PhysRevD.10.275},
  publisher = {American Physical Society}
}
@article{Drees:2001xw,
      author         = "Drees, J.",
      title          = "Review of Final LEP results, or, A Tribute to LEP",
      journal        = "Int.~J.~Mod.~Phys.~A",
      volume         = "17",
      pages          = "3259-3283",
      doi            = "10.1142/S0217751X02012727",
      year           = "2002",
      eprint         = "hep-ex/0110077",
      archivePrefix  = "arXiv",
      primaryClass   = "hep-ex",
      SLACcitation   = "%%CITATION = HEP-EX/0110077;%%",
}
@article {Altarelli:1989,
   author = {Altarelli, G. and Mele, B. and Ruiz-Altaba, M.},
   affiliation = {CERN CH-1211 Geneva 23 Switzerland},
   title = {Searching for New Heavy Vector Bosons in $p\bar p$ Colliders},
   journal = {Zeitschrift f\"{u}r Physik C},
   publisher = {Springer Berlin / Heidelberg},
   issn = {0170-9739},
   keyword = {Physics and Astronomy},
   pages = {109-121},
   volume = {45},
   issue = {1},
   url = {http://dx.doi.org/10.1007/BF01556677},
   note = {10.1007/BF01556677},
   year = {1989}
}

@article{Perelstein:2007,
title = "Little Higgs Models and their Phenomenology",
journal = "Progress in Particle and Nuclear Physics",
volume = "58",
number = "1",
pages = "247 - 291",
year = "2007",
note = "",
issn = "0146-6410",
doi = "DOI: 10.1016/j.ppnp.2006.04.001",
url = "http://www.sciencedirect.com/science/article/pii/S0146641006000469",
author = "Maxim Perelstein",
keywords = "Higgs boson",
keywords = "Electroweak Symmetry Breaking",
keywords = "Physics beyond the standard model",
keywords = "Collider phenomenology"
}


@Article{Lane:2000pa,
     author    = "Lane, Kenneth D.",
     title     = "Technicolor 2000",
     year      = "2000",
     eprint    = "hep-ph/0007304",
     archivePrefix = "arXiv",
     SLACcitation  = "%%CITATION = HEP-PH/0007304;%%"
}

@ARTICLE{Klein:1926,
   author = {{Klein}, O.},
    title = "Quantentheorie und F{\"u}nfdimensionale Relativit{\"a}tstheorie",
  journal = {Zeitschrift f\"{u}r Physik},
     year = 1926,
    month = dec,
   volume = 37,
    pages = {895-906},
      doi = {10.1007/BF01397481},
   adsurl = {http://adsabs.harvard.edu/abs/1926ZPhy...37..895K},
  adsnote = {Provided by the SAO/NASA Astrophysics Data System}
}

@article{Shrock:2007km,
      author         = "Shrock, Robert",
      title          = "Some Recent Results on Models of Dynamical Electroweak
                        Symmetry Breaking",
      pages          = "227-241",
      year           = "2007",
      eprint         = "hep-ph/0703050",
      archivePrefix  = "arXiv",
      primaryClass   = "HEP-PH",
}

@Article{:2005ema,
	author = {{The {ALEPH} Collaboration} and the {DELPHI} Collaboration and the L3 Collaboration and the {OPAL} Collaboration and the {SLD} Collaboration and the {LEP} Electroweak Working Group and {the {SLD} electroweak and heavy flavour groups}},
     title     = "Precision Electroweak Measurements on the $Z$ Resonance",
     journal   = "Phys.~Rept.",
     volume    = "427",
     year      = "2006",
     pages     = "257-454",
     eprint    = "hep-ex/0509008",
     archivePrefix = "arXiv",
     doi       = "10.1016/j.physrep.2005.12.006",
     SLACcitation  = "%%CITATION = HEP-EX/0509008;%%"
}

@article{Arnison1983103,
title = "Experimental Observation of Isolated Large Transverse Energy Electrons with Associated Missing Energy at $\sqrt{s}$ = 540 GeV",
journal = "Phys.~Lett.~B",
volume = "122",
number = "1",
pages = "103 - 116",
year = "1983",
note = "",
issn = "0370-2693",
doi = "10.1016/0370-2693(83)91177-2",
url = "http://www.sciencedirect.com/science/article/pii/0370269383911772",
collaboration = "UA1",
author = "G. Arnison and others"
}

@article{Arnison1983398,
title = "Experimental Observation of Lepton Pairs of Invariant Mass around 95 GeV/$c^2$ at the CERN SPS Collider",
journal = "Phys.~Lett.~B",
volume = "126",
number = "5",
pages = "398 - 410",
year = "1983",
note = "",
issn = "0370-2693",
doi = "10.1016/0370-2693(83)90188-0",
url = "http://www.sciencedirect.com/science/article/pii/0370269383901880",
collaboration = "UA1",
author = "G. Arnison and others"
}

@article{Banner1983476,
title = "Observation of Single Isolated Electrons of High Transverse Momentum in Events with Missing Transverse Energy at the CERN $\bar{p}p$ Collider",
journal = "Phys.~Lett.~B",
volume = "122",
number = "5–6",
pages = "476 - 485",
year = "1983",
note = "",
issn = "0370-2693",
doi = "10.1016/0370-2693(83)91605-2",
url = "http://www.sciencedirect.com/science/article/pii/0370269383916052",
collaboration = "UA2",
author = "M. Banner and others"
}

@article{ISI:A1983QT60900027,
Author = {Walgate, R},
Title = {What Will Come After the $Z^0$?},
Journal = {Nature},
Year = {1983},
Volume = {303},
Number = {5917},
Pages = {473},
Publisher = {MacMillan Magazines Ltd.},
Type = {{Editorial Material}},
Language = {{English}},
ISSN = {{0028-0836}},
Subject-Category = {{Science \& Technology - Other Topics}},
Number-of-Cited-References = {{1}},
Times-Cited = {{18}},
Journal-ISO = {{Nature}},
Doc-Delivery-Number = {{QT609}},
Unique-ID = {{ISI:A1983QT60900027}},
}

@article{Han:2009em,
      author         = "Han, Tao and Krohn, David and Wang, Lian-Tao and Zhu,
                        Wenhan",
      title          = "New Physics Signals in Longitudinal Gauge Boson
                        Scattering at the LHC",
      journal        = "JHEP",
      volume         = "1003",
      pages          = "082",
      doi            = "10.1007/JHEP03(2010)082",
      year           = "2010",
      eprint         = "0911.3656",
      archivePrefix  = "arXiv",
      primaryClass   = "hep-ph",
      SLACcitation   = "%%CITATION = ARXIV:0911.3656;%%",
}

@article{doi:10.1146/annurev-nucl-102010-130106,
author = {Neubauer, Mark S.},
title = {Diboson Production at Colliders},
journal = {Annual Review of Nuclear and Particle Science},
volume = {61},
number = {1},
pages = {223-250},
year = {2011},
doi = {10.1146/annurev-nucl-102010-130106},
archive    = "http://www.annualreviews.org/doi/abs/10.1146",
eprint = {annurev-nucl-102010-130106},
abstract = { This article is devoted to the physics of pairs of electroweak gauge bosons (dibosons) produced at high-energy particle colliders. Particular emphasis is placed on published results on diboson production from the CDF and DØ experiments at the Fermilab Tevatron and the CMS and ATLAS experiments at the CERN Large Hadron Collider (LHC). The study of diboson production at colliders plays an important role in tests of electroweak theory and searches for new phenomena at the TeV-energy scale and beyond. The diboson physics program has been a highlight of Run II at the Fermilab Tevatron. The progress made on analysis methods through the study of Standard Model diboson signals has had a direct and positive impact on the sensitivity of Higgs boson and New Physics searches in the Tevatron experiments. It is anticipated that diboson physics will play an even bigger role in the TeV-scale exploration now under way at the LHC. }
}

@article{Barate:1999tg,
      author         = "Barate, R. and others",
      title          = "Determination of the LEP Center-of-Mass Energy from $Z\gamma$ Events",
      collaboration  = "ALEPH",
      journal        = "Phys.~Lett.~B",
      volume         = "464",
      pages          = "339-349",
      doi            = "10.1016/S0370-2693(99)00903-X",
      year           = "1999",
      eprint         = "hep-ex/9907043",
      archivePrefix  = "arXiv",
      primaryClass   = "hep-ex",
      reportNumber   = "CERN-EP-99-092",
      SLACcitation   = "%%CITATION = HEP-EX/9907043;%%",
}

@article{Acciarri:2000yu,
      author         = "Acciarri, M. and others",
      title          = "Search for Anomalous $ZZ\gamma$ and $Z\gamma\gamma$
                        Couplings in the Process $e^{+} e^{-} \to Z \gamma$ at
                        LEP",
      collaboration  = "L3",
      journal        = "Phys.~Lett.~B",
      volume         = "489",
      pages          = "55-64",
      doi            = "10.1016/S0370-2693(00)00886-8",
      year           = "2000",
      eprint         = "hep-ex/0005024",
      archivePrefix  = "arXiv",
      primaryClass   = "hep-ex",
      reportNumber   = "CERN-EP-2000-057",
      SLACcitation   = "%%CITATION = HEP-EX/0005024;%%",
}

@article{PhysRevLett.94.041803,
  volume = {94},
  journal = {Phys.~Rev.~Lett.},
  collaboration = {CDF},
  author = {Acosta, D. and others},
  month = {Feb},
  url = {http://link.aps.org/doi/10.1103/PhysRevLett.94.041803},
  doi = {10.1103/PhysRevLett.94.041803},
  year = {2005},
  title = {Measurement of $W\gamma$ and $Z\gamma$ Production in $p\overline{p}$ Collisions at $\sqrt{s}$ = 1.96 TeV},
  issue = {4},
  publisher = {American Physical Society},
  numpages = {7},
  pages = {041803}
}

@article{PhysRevD.71.091108,
  volume = {71},
  journal = {Phys.~Rev.~D},
  collaboration = {\dzero},
  author = {Abazov, V. M. and others},
  month = {May},
  url = {http://link.aps.org/doi/10.1103/PhysRevD.71.091108},
  doi = {10.1103/PhysRevD.71.091108},
  year = {2005},
  title = {Measurement of the $p\overline{p}\rightarrow W\gamma+X$ Cross Section at $\sqrt{s}=1.96$~TeV and $WW\gamma$ Anomalous Coupling Limits},
  issue = {9},
  publisher = {American Physical Society},
  numpages = {7},
  pages = {091108}
}

@article{Barate2000205,
title = "Measurement of $W$-pair Production in $e^+ e^−$ Collisions at 189 GeV",
journal = "Phys.~Lett.~B",
volume = "484",
number = "3–4",
pages = "205 - 217",
year = "2000",
note = "",
issn = "0370-2693",
doi = "10.1016/S0370-2693(00)00624-9",
url = "http://www.sciencedirect.com/science/article/pii/S0370269300006249",
collaboration = "ALPEH",
author = "R. Barate and D. Decamp and P. Ghez and C. Goy and S. Jezequel"
}

@article{Abreu200089,
title = "$W$ Pair Production Cross-Section and $W$ Branching Fractions in $e^+ e^-$ Interactions at 189 GeV",
journal = "Phys.~Lett.~B",
volume = "479",
number = "1–3",
pages = "89 - 100",
year = "2000",
note = "",
issn = "0370-2693",
doi = "10.1016/S0370-2693(00)00314-2",
url = "http://www.sciencedirect.com/science/article/pii/S0370269300003142",
collaboration = "DELPHI",
author = "P. Abreu and others"
}

@article{Acciarri200019,
title = "Measurement of the $W$-pair Production Cross Section and $W$-decay Branching Fractions in $e^+ e^-$ Interactions at $\sqrt{s} =$ 189 GeV",
journal = "Phys.~Lett.~B",
volume = "496",
number = "1–2",
pages = "19 - 33",
year = "2000",
note = "",
issn = "0370-2693",
doi = "10.1016/S0370-2693(00)01273-9",
url = "http://www.sciencedirect.com/science/article/pii/S0370269300012739",
collaboration = "L3",
author = "M. Acciarri and others"
}

@article{Abbiendi2000249,
title = "$W^+W^-$ Production Cross Section and $W$ Branching Fractions in $e^+e^-$ Collisions at 189 GeV",
journal = "Phys.~Lett.~B",
volume = "493",
number = "3–4",
pages = "249 - 265",
year = "2000",
note = "",
issn = "0370-2693",
doi = "10.1016/S0370-2693(00)01085-6",
url = "http://www.sciencedirect.com/science/article/pii/S0370269300010856",
collaboration = "OPAL",
author = "G. Abbiendi and others"
}

@article{Acciarri1999281,
title = "Study of Neutral-Current Four-Fermion and $ZZ$ Production in $e^+ e^-$ Collisions at $\sqrt{s} =$ 183 GeV",
journal = "Phys.~Lett.~B",
volume = "450",
number = "1–3",
pages = "281 - 293",
year = "1999",
note = "",
issn = "0370-2693",
doi = "10.1016/S0370-2693(99)00103-3",
url = "http://www.sciencedirect.com/science/article/pii/S0370269399001033",
collaboration = "L3",
author = "M. Acciarri and others"
}

@article{the_aleph_collaboration_precision_2005,
	title = {Precision Electroweak Measurements on the {$Z$} Resonance},
	url = {http://arxiv.org/abs/hep-ex/0509008},
	doi = {doi:10.1016/j.physrep.2005.12.006},
	abstract = {We report on the final electroweak measurements performed with data taken at the Z resonance by the experiments operating at the electron-positron colliders {SLC} and {LEP.} The data consist of 17 million Z decays accumulated by the {ALEPH,} {DELPHI,} L3 and {OPAL} experiments at {LEP,} and 600 thousand Z decays by the {SLD} experiment using a polarised beam at {SLC.} The measurements include cross-sections, forward-backward asymmetries and polarised asymmetries. The mass and width of the Z boson, {\${\textbackslash}MZ\$} and {\${\textbackslash}GZ\$,} and its couplings to fermions, for example the \${\textbackslash}rho\$ parameter and the effective electroweak mixing angle, are precisely measured. The number of light neutrino species is determined to be 2.9840+/-0.0082. The results are compared to the predictions of the Standard Model. Electroweak radiative corrections beyond the running of the {QED} and {QCD} coupling constants are observed with a significance of five standard deviations, and in agreement with the Standard Model. Of the many Z-pole measurements, the forward-backward asymmetry in b-quark production shows the largest difference with respect to its Standard Model expectation, at the level of 2.8 standard deviations. Through radiative corrections evaluated in the framework of the Standard Model, the masses of the top quark and the W Boson are predicted. These indirect constraints are compared to the direct measurements, providing a stringent test of the Standard Model. Using in addition the direct measurements of {\${\textbackslash}Mt\$} and {\${\textbackslash}MW\$,} the mass of the as yet unobserved Standard Model Higgs boson is predicted.},
	journal = {hep-ex/0509008},
	author = {The {ALEPH} Collaboration and the {DELPHI} Collaboration and the L3 Collaboration and the {OPAL} Collaboration and the {SLD} Collaboration and the {LEP} Electroweak Working Group and the {SLD} electroweak and heavy flavour groups},
	month = sep,
	year = {2005},
	note = {{Phys.Rept.427:257,2006}},
	keywords = {High Energy Physics - Experiment, High Energy Physics - Phenomenology},
	annote = {{{\textless}p{\textgreater}Evidence} that there are only three generations of neutrinos{\textless}/p{\textgreater}}
}
 
author         = "Abulencia, A. and others",
@article{CDF:WZObservation,
      title          = "Observation of $WZ$ Production",
      author         = "Abulencia, A. and others",
      collaboration  = "{CDF}",
      journal        = "Phys.~Rev.~Lett.",
      volume         = "98",
      pages          = "161801",
      doi            = "10.1103/PhysRevLett.98.161801",
      year           = "2007",
      eprint         = "hep-ex/0702027",
      archivePrefix  = "arXiv",
      primaryClass   = "HEP-EX",
      reportNumber   = "FERMILAB-PUB-07-042-E",
      SLACcitation   = "%%CITATION = HEP-EX/0702027;%%",
}

@article{CDF:WZ,
      author         = "Abulencia, A. and others",
      collaboration  = "{CDF}",
    title = {Measurement of the {$WZ$} Production Cross Section in $p\bar{p}$ Collisions at $\sqrt{s}=\SI{1.96}{\TeV}$ using \SI{7.1}{fb^{-1}} of CDF Run II Data},
    year = "2011",
    journal = "CDF Note",
    volume = "\href{http://www-cdf.fnal.gov/physics/ewk/2011/wz/PublicPages/WZPublicNote/WZPublicNote.pdf}{10176}",
}

@article{CDF:WZatgc,
      author         = "Abulencia, A. and others",
      collaboration  = "{CDF}",
    title = {Measurement of Triple Gauge Couplings in {$WZ$} in Trilepton plus MET Events Using \SI{7.1}{\fbinv}},
    year = "2011",
    journal = "CDF Note",
    volume = "\href{http://www-cdf.fnal.gov/physics/ewk/2011/WZatgc71/aTGCpub.ps}{10595}",
}

@Article{Weinberg:1979bn,
     author    = "Weinberg, Steven",
     title     = "Implications of Dynamical Symmetry Breaking: An
                  Addendum",
     journal   = "Phys.~Rev.~D",
     volume    = "19",
     year      = "1979",
     pages     = "1277-1280",
     doi       = "10.1103/PhysRevD.19.1277",
     SLACcitation  = "%%CITATION = PHRVA,D19,1277;%%"
}

@Article{Susskind:1978ms,
     author    = "Susskind, Leonard",
     title     = "Dynamics of Spontaneous Symmetry Breaking in the Weinberg-
                  Salam Theory",
     journal   = "Phys.~Rev.~D",
     volume    = "20",
     year      = "1979",
     pages     = "2619-2625",
     doi       = "10.1103/PhysRevD.20.2619",
     SLACcitation  = "%%CITATION = PHRVA,D20,2619;%%"
}
@Article{Holdom:1981rm,
     author    = "Holdom, Bob",
     title     = "Raising the Sideways Scale",
     journal   = "Phys.~Rev.~D",
     volume    = "24",
     year      = "1981",
     pages     = "1441",
     doi       = "10.1103/PhysRevD.24.1441",
     SLACcitation  = "%%CITATION = PHRVA,D24,1441;%%"
}
@Article{Appelquist:1986an,
    author    = "Appelquist, Thomas W. and Karabali, Dimitra and
                 Wijewardhana, L. C. R.",
    title     = "Chiral hierarchies and the flavor changing neutral current
                 problem in technicolor",
    journal   = "Phys.~Rev.~Lett.",
    volume    = "57",
    year      = "1986",
    pages     = "957",
    SLACcitation  = "%%CITATION = PRLTA,57,957;%%"
}
@Article{Yamawaki:1986zg,
    author    = "Yamawaki, Koichi and Bando, Masako and Matumoto, Ken-iti",
    title     = "Scale Invariant Technicolor Model and a Technidilaton",
    journal   = "Phys.~Rev.~Lett.",
    volume    = "56",
    year      = "1986",
    pages     = "1335",
    SLACcitation  = "%%CITATION = PRLTA,56,1335;%%"
}

@Article{Akiba:1986rr,
    author    = "Akiba, T. and Yanagida, T.",
    title     = "Hierarchic Chiral Condensate",
    journal   = "Phys.~Lett.~B",
    volume    = "169",
    year      = "1986",
    pages     = "432",
    SLACcitation  = "%%CITATION = PHLTA,B169,432;%%"
}
@article{Hasert1973121,
title = "Search for Elastic Muon-Neutrino Electron Scattering",
journal = "Phys.~Lett.~B",
volume = "46",
number = "1",
pages = "121 - 124",
year = "1973",
note = "",
issn = "0370-2693",
doi = "10.1016/0370-2693(73)90494-2",
url = "http://www.sciencedirect.com/science/article/pii/0370269373904942",
author = "F.J. Hasert and others",
}

@Article{Eichten:1996dx,
     author    = "Eichten, Estia and Lane, Kenneth D.",
     title     = "Low-Scale Technicolor at the Tevatron",
     journal   = "Phys.~Lett.~B",
     volume    = "388",
     year      = "1996",
     pages     = "803-807",
     eprint    = "hep-ph/9607213",
     archivePrefix = "arXiv",
     doi       = "10.1016/S0370-2693(96)01211-7",
     SLACcitation  = "%%CITATION = HEP-PH/9607213;%%"
}
@Article{Peskin:1990zt,
     author    = "Peskin, Michael Edward and Takeuchi, Tatsu",
     title     = "A New Constraint on a Strongly Interacting Higgs Sector",
     journal   = "Phys.~Rev.~Lett.",
     volume    = "65",
     year      = "1990",
     pages     = "964-967",
     doi       = "10.1103/PhysRevLett.65.964",
     SLACcitation  = "%%CITATION = PRLTA,65,964;%%"
}

@Article{Lane:2002sm,
     author    = "Lane, Kenneth and Mrenna, Stephen",
     title     = "The Collider Phenomenology of Technihadrons in the
                  Technicolor Straw Man Model",
     journal   = "Phys.~Rev.~D",
     volume    = "67",
     year      = "2003",
     pages     = "115011",
     eprint    = "hep-ph/0210299",
     archivePrefix = "arXiv",
     doi       = "10.1103/PhysRevD.67.115011",
     SLACcitation  = "%%CITATION = HEP-PH/0210299;%%"
}
@Article{Belyaev:2007ss,
     author    = "Belyaev, Alexander",
     title     = "Collider Phenomenology of {Higgsless} Models",
     year      = "2007",
     eprint    = "0711.1919",
     archivePrefix = "arXiv",
     primaryClass  =  "hep-ph",
     SLACcitation  = "%%CITATION = 0711.1919;%%"
}
@Article{Georgi:1974sy,
     author    = "Georgi, H. and Glashow, S. L.",
     title     = "Unity of All Elementary Particle Forces",
     journal   = "Phys.~Rev.~Lett.",
     volume    = "32",
     year      = "1974",
     pages     = "438-441",
     doi       = "10.1103/PhysRevLett.32.438",
     SLACcitation  = "%%CITATION = PRLTA,32,438;%%"
}
@article{Aaltonen:2012vu,
      author         = "Aaltonen, T. and others",
      collaboration  = "CDF",
      title          = "Measurement of the $WZ$ Cross Section and Triple Gauge Couplings in $p \bar p$ Collisions at $\sqrt{s}$ = 1.96 TeV",
      year           = "2012",
      eprint         = "1202.6629",
      archivePrefix  = "arXiv",
      primaryClass   = "hep-ex",
      SLACcitation   = "%%CITATION = ARXIV:1202.6629;%%",
}
@article{CMS-PAS-EXO-09-007,
      author = "{The CMS Collaboration}",
      title        = "Search for Technicolor with the CMS Experiment",
      month        = "Jul",
      year         = "2009",
     VOLUME     = "{EXO-09-007}",
     archive    = "http://cds.cern.ch/record",
     eprint     = 1434360,
}
@article{CMS-PAS-SMP-12-008,
      author = "{The CMS Collaboration}",
      title        = "Absolute Calibration of the Luminosity Measurement at CMS: Winter 2012 Update",
      year         = "2012",
     JOURNAL    = "CMS Physics Analysis Summary",
     VOLUME     = "{SMP-12-008}",
     archive    = "http://cds.cern.ch/record",
     eprint     = 1434360,
     reportNumber   = "CMS-PAS-SMP-12-008",

}
@ARTICLE{CMS-PAS-EXO-11-024,
     author     ="{The CMS Collaboration}",
     TITLE      ="Search for {$W'$} in the leptonic channels in $pp$ collisions at $\sqrt{s}$ = 7 TeV",
     JOURNAL    = "CMS Physics Analysis Summary",
     VOLUME     = "{EXO-11-024}",
     YEAR       = "2011",
     archive    = "http://cds.cern.ch/record",
     eprint     = 1369201,
     reportNumber   = "CMS-PAS-EXO-11-024",
     SLACcitation   = "%%CITATION = CMS-PAS-EXO-11-024 ETC.;%%"
}
@Article{Wprimereview,
  title = {The Review of Particle Physics: $W'$-Boson Searches},
  author = {Chen, M.C. and Dobrescu, B.A. and Nakamura, K. and others (Particle Data Group)},
  journal   = "J.~Phys.~G",
  volume    = "37",
  year      = "2010",
  pages     = "075021",
  doi       = "10.1088/0954-3899/37/7A/075021"
}
@Article{WprimeWZ,
  title = {New Supersymmetric Left-Right Gauge Model: Higgs-Boson Structure and Neutral-Current Analysis},
  author = {Babu, K.S. and He, X.G. and Ma, E.},
  journal   = "Phys.~Rev.~D", 
  volume    = "36",
  year      = "1987",
  pages     = "878",
  doi       = "10.1103/PhysRevD.36.878"
}
@article{Baur:1994aj,
      author         = "Baur, U. and Han, Tao and Ohnemus, J.",
      title          = "$WZ$ Production at Hadron Colliders: Effects of
                        Nonstandard $WWZ$ Couplings and QCD Corrections",
      journal        = "Phys.~Rev.~D",
      volume         = "51",
      pages          = "3381-3407",
      doi            = "10.1103/PhysRevD.51.3381",
      year           = "1995",
      eprint         = "hep-ph/9410266",
      archivePrefix  = "arXiv",
      primaryClass   = "hep-ph",
}
@article{D0:2010qn,
      author         = "Abazov, Victor Mukhamedovich and others",
      collaboration  = "{\dzero}",
      title          = "Measurement of the $WZ\rightarrow \ell\nu\ell\ell$ Cross
                        Section and Limits on Anomalous Triple Gauge Couplings in
                        $p\bar{p}$ Collisions at $\sqrt{s}$ = 1.96 TeV",
      journal        = "Phys.~Lett.~B",
      volume         = "695",
      pages          = "67-73",
      doi            = "10.1016/j.physletb.2010.10.047",
      year           = "2011",
      eprint         = "1006.0761",
      archivePrefix  = "arXiv",
      primaryClass   = "hep-ex",
}
@Article{D0:2009eu,
      author         = "Abazov, Victor Mukhamedovich and others",
      collaboration  = "{\dzero}",
     title     = "Search for a Resonance Decaying into $WZ$ Boson Pairs in
                  $p\bar{p}$ Collisions",
     journal   = "Phys.~Rev.~Lett.",
     volume    = "104",
     year      = "2010",
     pages     = "061801",
     doi       = "10.1103/PhysRevLett.104.061801",
     eprint         = "0912.0715",
     archivePrefix  = "arXiv",
     primaryClass   = "hep-ex",
     reportNumber   = "FERMILAB-PUB-09-609-E",
     SLACcitation   = "%%CITATION = 0912.0715;%%",
}
@article{D0:2010dj,
      author         = "Abazov, Victor Mukhamedovich and others",
      collaboration  = "{\dzero}",
      title          = "Search for Resonant $WW$ and $WZ$ Production in $p\bar{p}$ Collisions at $\sqrt{s}$ = 1.96 TeV",
      journal        = "Phys.~Rev.~Lett.",
      volume         = "107",
      pages          = "011801",
      doi            = "10.1103/PhysRevLett.107.011801",
      year           = "2011",
      eprint         = "1011.6278",
      archivePrefix  = "arXiv",
      primaryClass   = "hep-ex",
}
@article{Campbell:2011bn,
      author         = "Campbell, John M. and Ellis, R. Keith and Williams,
                        Ciaran",
      title          = "Vector Boson Pair Production at the LHC",
      journal        = "JHEP",
      volume         = "1107",
      pages          = "018",
      doi            = "10.1007/JHEP07(2011)018",
      year           = "2011",
      eprint         = "1105.0020",
      archivePrefix  = "arXiv",
      primaryClass   = "hep-ph",
}
@article{PYTHIA,
  author  = "T.~Sjostrand, S.~Mrenna and P.~Z.~Skands",
  title =  "PYTHIA 6.4 Physics and Manual",
  journal   = "JHEP", 
  volume = "0605",
  year = "2006",
  eprint = "hep-ph/0603175",
 archivePrefix  = "arXiv"
}
@Article{ALPGEN,
     author    = "Mangano, Michelangelo L. and Moretti, Mauro and Piccinini,
                  Fulvio and Pittau, Roberto and Polosa, Antonio D.",
     title     = "ALPGEN, a Generator for Hard Multiparton Processes in
                  Hadronic Collisions",
     journal   = "JHEP",
     volume    = "07",
     year      = "2003",
     pages     = "001",
     eprint    = "hep-ph/0206293",
     archivePrefix = "arXiv",
     SLACcitation  = "%%CITATION = HEP-PH/0206293;%%"
}
@Article{MADGRAPH,
     author    = "Alwall, Johan and others",
     title     = "{MadGraph/MadEvent v4: The New Web Generation}",
     journal   = "JHEP",
     volume    = "09",
     year      = "2007",
     pages     = "028",
     eprint    = "0706.2334",
     archivePrefix = "arXiv",
     primaryClass  =  "hep-ph",
     doi       = "10.1088/1126-6708/2007/09/028",
     SLACcitation  = "%%CITATION = 0706.2334;%%"
}
@Article{POWHEG,
     author    = "Frixione, Stefano and Nason, Paolo and Oleari, Carlo",
     title     = "{Matching NLO QCD Computations with Parton Shower
                  Simulations: the POWHEG Method}",
     journal   = "JHEP",
     volume    = "11",
     year      = "2007",
     pages     = "070",
     eprint    = "0709.2092",
     archivePrefix = "arXiv",
     primaryClass  =  "hep-ph",
     doi       = "10.1088/1126-6708/2007/11/070",
     SLACcitation  = "%%CITATION = 0709.2092;%%"
}
@article{Evans:1129806,
      author       = "Evans, Lyndon R and Bryant, Philip",
      title        = "LHC Machine",
      journal      = "J. Instrum.",
      volume       = "3",
      pages        = "S08001. 164 p",
      year         = "2008",
      note         = "This report is an abridged version of the LHC Design Report
                      (CERN-2004-003)",
}
@article{CMSPaper,
      author         = "Adolphi, R. and others",
      title          = "{The CMS Experiment at the CERN LHC}",
      collaboration  = "CMS",
      journal        = "JINST",
      volume         = "3",
      pages          = "S08004",
      doi            = "10.1088/1748-0221/3/08/S08004",
      year           = "2008",
      SLACcitation   = "%%CITATION = JINST,3,S08004;%%",
}
@article{Campbell:1999ah,
      author         = "Campbell, John M. and Ellis, R.Keith",
      title          = "An Update on Vector Boson Pair Production at Hadron
                        Colliders",
      journal        = "Phys.~Rev.~D",
      volume         = "60",
      pages          = "113006",
      doi            = "10.1103/PhysRevD.60.113006",
      year           = "1999",
      eprint         = "hep-ph/9905386",
      archivePrefix  = "arXiv",
      primaryClass   = "hep-ph",
      reportNumber   = "FERMILAB-PUB-99-146-T",
      SLACcitation   = "%%CITATION = HEP-PH/9905386;%%",
}
@article{MonteCarloMethod,
     jstor_articletype = {research-article},
     title = {The Monte Carlo Method},
     author = {Metropolis, Nicholas and Ulam, S.},
     journal = {Journal of the American Statistical Association},
     jstor_issuetitle = {},
     volume = {44},
     number = {247},
     jstor_formatteddate = {Sep., 1949},
     pages = {pp. 335-341},
     url = {http://www.jstor.org/stable/2280232},
     ISSN = {01621459},
     abstract = {We shall present here the motivation and a general description of a method dealing with a class of problems in mathematical physics. The method is, essentially, a statistical approach to the study of differential equations, or more generally, of integro-differential equations that occur in various branches of the natural sciences.},
     language = {English},
     year = {1949},
     publisher = {American Statistical Association},
     copyright = {Copyright © 1949 American Statistical Association},
}
@article{Dobbs:2004qw,
      author         = "Dobbs, M.A. and Frixione, S. and Laenen, Eric and
                        Tollefson, K. and Baer, H. and others",
      title          = "{Les Houches Guidebook to Monte Carlo Generators for
                        Hadron Collider Physics}",
      pages          = "411-459",
      year           = "2004",
      note           = "Compiled by the Working Group on Quantum Chromodynamics
                        and the Standard Model",
      eprint         = "hep-ph/0403045",
      archivePrefix  = "arXiv",
      primaryClass   = "hep-ph",
      reportNumber   = "FERMILAB-CONF-04-183-T",
      SLACcitation   = "%%CITATION = HEP-PH/0403045;%%",
}
@Article{CTEQ,
     author    = "Lai, Hung-Liang and others",
     title     = "{New Parton Distributions for Collider Physics}",
     journal   = "Phys.~Rev.~D",
     volume    = "82",
     year      = "2010",
     pages     = "074024",
     eprint    = "1007.2241",
     archivePrefix = "arXiv",
     primaryClass  =  "hep-ph",
     doi       = "10.1103/PhysRevD.82.074024",
     SLACcitation  = "%%CITATION = 1007.2241;%%"
}
@article{MRST,
      author         = "Martin, A.D. and Stirling, W.J. and Thorne, R.S. and
                        Watt, G.",
      title          = "{Parton Distributions for the LHC}",
      journal        = "Eur.~Phys.~J.~C",
      volume         = "63",
      pages          = "189-285",
      doi            = "10.1140/epjc/s10052-009-1072-5",
      year           = "2009",
      eprint         = "0901.0002",
      archivePrefix  = "arXiv",
      primaryClass   = "hep-ph",
      reportNumber   = "IPPP-08-95, DCPT-08-190, CAVENDISH-HEP-08-16",
      SLACcitation   = "%%CITATION = ARXIV:0901.0002;%%",
}
@article{Andersson198331,
title = "Parton Fragmentation and String Dynamics",
journal = "Phys.~Rept.",
volume = "97",
number = "2–3",
pages = "31 - 145",
year = "1983",
note = "",
issn = "0370-1573",
doi = "10.1016/0370-1573(83)90080-7",
url = "http://www.sciencedirect.com/science/article/pii/0370157383900807",
author = "B. Andersson and G. Gustafson and G. Ingelman and T. Sjöstrand"
}
@Article{Was:2000st,
     author    = "Was, Z.",
     title     = "{TAUOLA: the Library for Tau Lepton Decay}",
     journal   = "Nucl.~Phys.~Proc.~Suppl.",
     volume    = "98",
     year      = "2001",
     pages     = "96-102",
     eprint    = "hep-ph/0011305",
     archivePrefix = "arXiv",
     doi       = "10.1016/S0920-5632(01)01200-2",
     SLACcitation  = "%%CITATION = HEP-PH/0011305;%%"
}
@article{Brooijmans:2010tn,
      author         = "Brooijmans, G. and others",
      title          = "{New Physics at the LHC. A Les Houches Report: Physics at
                        TeV Colliders 2009 - New Physics Working Group}",
      collaboration  = "New Physics Working Group",
      pages          = "191-380",
      year           = "2010",
      eprint         = "1005.1229",
      archivePrefix  = "arXiv",
      primaryClass   = "hep-ph",
      reportNumber   = "FERMILAB-CONF-10-651-E, CERN-PH-TH-2010-096",
      SLACcitation   = "%%CITATION = ARXIV:1005.1229;%%",
}
@inproceedings{CMS-MuonReco,
    author       = "{The CMS Collaboration}",
    booktitle = "AIP Conference Proceedings",
    year = 2008,
    title = "Muon Reconstruction and Identification in CMS",
    doi = "10.1063/1.3327707",
}
@article{CMS-PAS-EGM-10-004,
      author       = "{The CMS Collaboration}",
      title        = "Electron Reconstruction and Identification at $\sqrt{s}$ = 7 TeV",
      year         = "2010",
     JOURNAL    = "CMS Physics Analysis Summary",
     VOLUME     = "{EGM-10-004}",
     archive    = "http://cds.cern.ch/record",
     eprint     = 925263,
}
@article{ParticleFlow,
      key            = "925379",
      title          = "{Particle-Flow Event Reconstruction in CMS and
                        Performance for Jets, Taus, and MET}",
      author         = "{The CMS Collaboration}",
      year           = "2009",
     JOURNAL    = "CMS Physics Analysis Summary",
     VOLUME     = "{PFT-09-001}",
      SLACcitation   = "%%CITATION = CMS-PAS-PFT-09-001 ETC.;%%",
}
@ARTICLE{CMS-PAS-EWK-11-010,
     author     ="{The CMS Collaboration}",
     TITLE      ="Measurement of the $WW$, $WZ$, and $ZZ$ Cross Sections at CMS",
     JOURNAL    = "CMS Physics Analysis Summary",
     VOLUME     = "{EWK-11-010}",
     YEAR       = "2011",
     archive    = "http://cds.cern.ch/record",
     eprint     = 925187,
}
@INPROCEEDINGS{roostats,
   author = {{Moneta}, L. and {Cranmer}, K. and {Schott}, G. and {Verkerke}, W.
	},
    title = "{The RooStats Project}",
booktitle = {Proceedings of the 13th International Workshop on Advanced Computing and Analysis Techniques in Physics Research},
   year = 2010,
archivePrefix = "arXiv",
   eprint = {1009.1003},
 primaryClass = "physics.data-an",
   adsurl = {http://adsabs.harvard.edu/abs/2010acat.confE..57M},
  adsnote = {Provided by the SAO/NASA Astrophysics Data System}
}
@article{PhysRevLett.106.251803,
  journal = {Phys.~Rev.~Lett.},
  numpages = {4},
  month = {Jun},
  doi = {10.1103/PhysRevLett.106.251803},
  issue = {25},
  author = {Eichten, Estia J. and Lane, Kenneth and Martin, Adam},
  title = {Technicolor Explanation for the CDF $Wjj$ Excess},
  year = {2011},
  url = {http://link.aps.org/doi/10.1103/PhysRevLett.106.251803},
  publisher = {American Physical Society},
  pages = {251803},
  volume = {106}
}
@article{Aaltonen:2009vh,
      author         = "Aaltonen, T. and others",
      title          = "{Measurement of the $WW+WZ$ Production Cross Section Using the Lepton + Jets Final State at CDF II}",
      collaboration  = "CDF",
      journal        = "Phys.~Rev.~Lett.",
      volume         = "104",
      pages          = "101801",
      doi            = "10.1103/PhysRevLett.104.101801",
      year           = "2010",
      eprint         = "0911.4449",
      archivePrefix  = "arXiv",
      primaryClass   = "hep-ex",
      reportNumber   = "FERMILAB-PUB-09-593-E",
      SLACcitation   = "%%CITATION = ARXIV:0911.4449;%%",
}
@article{Aaltonen:2011mk,
      author         = "Aaltonen, T. and others",
      title          = "{Invariant Mass Distribution of Jet Pairs Produced in
                        Association with a $W$ boson in $p \bar{p}$ Collisions at
                        $\sqrt{s}= 1.96$ TeV}",
      collaboration  = "CDF",
      journal        = "Phys.~Rev.~Lett.",
      volume         = "106",
      pages          = "171801",
      doi            = "10.1103/PhysRevLett.106.171801",
      year           = "2011",
      eprint         = "1104.0699",
      archivePrefix  = "arXiv",
      primaryClass   = "hep-ex",
      reportNumber   = "FERMILAB-PUB-11-164-E",
      SLACcitation   = "%%CITATION = ARXIV:1104.0699;%%",
}
@article{Eichten:2012br,
      author         = "Eichten, Estia and Lane, Kenneth and Martin, Adam and
                        Pilon, Eric",
      title          = "{Testing the Technicolor Interpretation of CDF's Dijet
                        Excess at the LHC}",
      year           = "2012",
      eprint         = "1201.4396",
      archivePrefix  = "arXiv",
      primaryClass   = "hep-ph",
      reportNumber   = "FERMILAB-PUB-12-015-T, LAPTH-003-12",
      SLACcitation   = "%%CITATION = ARXIV:1201.4396;%%",
}
@article{Campbell:2006wx,
     author         = "Campbell, John M. and Huston, J.W. and Stirling, W.J.",
     title          = "{Hard Interactions of Quarks and Gluons: A
Primer for LHC
                       Physics}",
     journal        = "Rept.~Prog.~Phys.",
     volume         = "70",
     pages          = "89",
     doi            = "10.1088/0034-4885/70/1/R02",
     year           = "2007",
     eprint         = "hep-ph/0611148",
     archivePrefix  = "arXiv",
     primaryClass   = "hep-ph",
     SLACcitation   = "%%CITATION = HEP-PH/0611148;%%",
}
@Article{Pumplin:2002vw,
    author    = "Pumplin, J. and others",
    title     = "{New Generation of Parton Distributions with Uncertainties
                 from Global QCD Analysis}",
    journal   = "JHEP",
    volume    = "07",
    year      = "2002",
    pages     = "012",
    eprint    = "hep-ph/0201195",
    archivePrefix = "arXiv",
    SLACcitation  = "%%CITATION = HEP-PH/0201195;%%"
}
@Article{VGammaCMS,
     author    = "Chatrchyan, Serguei and others",
 collaboration = "CMS",
     title     = "{Measurement of $W\gamma$ and $Z\gamma$ Production in $pp$
                  Collisions at $\sqrt{s}$ = 7 TeV}",
     journal = "Phys.~Lett.~B",
     volume = "701",
     number = "5",
     pages = "535 - 555",
     year      = "2011",
     issn = "0370-2693",
     doi = "10.1016/j.physletb.2011.06.034",
     url = "http://www.sciencedirect.com/science/article/pii/S0370269311006551"
}
@Article{LUMIPAS,
   author = "{The CMS Collaboration}",
   title = "Absolute Calibration of Luminosity Measurement at CMS: Summer 2011 Update",
   journal = "CMS Physics Analysis Summary",
   volume = "{EWK-11-001}",
   year = "2011",
   archive    = "http://cds.cern.ch/record",
   eprint     = 1376102,
}
@ARTICLE{Lyons:1988rp,
      author         = "Lyons, Louis and Gibaut, Duncan and Clifford, Peter",
      title          = "How to Combine Correlated Estimates of a Single Physical Quantity",
      journal        = "Nucl.~Instrum.~Meth.",
      volume         = "A270",
      pages          = "110",
      doi            = "10.1016/0168-9002(88)90018-6",
      year           = "1988",
}
@Article{Moraes:2007rq,
     author    = "Moraes, A. and Buttar, C. and Dawson, I.",
     title     = "Prediction for Minimum Bias and the Underlying Event at
                  LHC Energies",
     journal   = "Eur.~Phys.~J.~C",
     volume    = "50",
     year      = "2007",
     pages     = "435-466",
     doi       = "10.1140/epjc/s10052-007-0239-1",
     SLACcitation  = "%%CITATION = EPHJA,C50,435;%%"
}
@article {springerlink:10.1007/JHEP01(2011)079,
   author = {Khachatryan, V. and others},
   collaboration = {CMS},
   title = {Charged Particle Multiplicities in $pp$ Interactions at $\sqrt{s}$ = 0.9, 2.36, and 7 TeV},
   journal = {JHEP},
   publisher = {Springer Berlin / Heidelberg},
   issn = {1029-8479},
   keyword = {Physics and Astronomy},
   pages = {1-38},
   volume = {2011},
   issue = {1},
   url = {http://dx.doi.org/10.1007/JHEP01(2011)079},
   note = {10.1007/JHEP01(2011)079},
   year = {2011}
}
@article{Kastli2007724,
title = "CMS Barrel Pixel Detector Overview",
journal = "Nucl.~Inst.~Meth.~Phys.~A",
volume = "582",
number = "3",
pages = "724 - 727",
year = "2007",
issn = "0168-9002",
doi = "10.1016/j.nima.2007.07.058",
url = "http://www.sciencedirect.com/science/article/pii/S0168900207015173",
author = "H.Chr. Kästli and W. Bertl and W. Erdmann and K. Gabathuler and Ch. Hörmann and R. Horisberger and S. König and D. Kotlinski and B. Meier and P. Robmann and T. Rohe and S. Streuli",
keywords = "CMS",
keywords = "Pixel detector",
keywords = "LHC"
}
@article{Santonico1981377,
title = "Development of Resistive Plate Counters",
journal = "Nucl.~Inst.~Meth.~Phys.",
volume = "187",
number = "2–3",
pages = "377 - 380",
year = "1981",
note = "",
issn = "0167-5087",
doi = "10.1016/0029-554X(81)90363-3",
url = "http://www.sciencedirect.com/science/article/pii/0029554X81903633",
author = "R. Santonico and R. Cardarelli"
}
@techreport{vanderMeer:296752,
      author       = "van der Meer, S",
      title        = "Calibration of the Effective Beam Height in the ISR",
      institution  = "CERN",
      address      = "Geneva",
      number       = "CERN-ISR-PO-68-31",
      year         = "1968",
}
@article{Alice:1333997,
      author       = "Alice, A and others",
      title        = "LHC Bunch Current Normalisation for the October 2010
                      Luminosity Calibration Measurements",
      month        = "Mar",
      year         = "2011",
}
@ARTICLE{Webber:2011,
AUTHOR = {Webber, B.},
TITLE   = "Parton Shower Monte Carlo Event Generators",
YEAR	= 2011,
JOURNAL	= "Scholarpedia",
VOLUME  = 6,
NUMBER  = 12,
PAGES   = 10662
}
@article{antikt,
  author={Matteo Cacciari and Gavin P. Salam and Gregory Soyez},
  title={The Anti-$k_\mathrm{T}$ Jet Clustering Algorithm},
  journal={JHEP},
  volume={2008},
  number={04},
  pages={063},
  url={http://stacks.iop.org/1126-6708/2008/i=04/a=063},
  year={2008},
  abstract={The k t and Cambridge/Aachen inclusive jet finding algorithms for hadron-hadron collisions can be seen as belonging to a broader class of sequential recombination jet algorithms, parametrised by the power of the energy scale in the distance measure. We examine some properties of a new member of this class, for which the power is negative. This ``anti- k t '' algorithm essentially behaves like an idealised cone algorithm, in that jets with only soft fragmentation are conical, active and passive areas are equal, the area anomalous dimensions are zero, the non-global logarithms are those of a rigid boundary and the Milan factor is universal. None of these properties hold for existing sequential recombination algorithms, nor for cone algorithms with split-merge steps, such as SISCone. They are however the identifying characteristics of the collinear unsafe plain ``iterative cone'' algorithm, for which the anti- k t algorithm provides a natural, fast, infrared and collinear safe replacement.}
}
@article{Ellis:1993tq,
      author         = "Ellis, Stephen D. and Soper, Davison E.",
      title          = "{Successive Combination Jet Algorithm for Hadron
                        Collisions}",
      journal        = "Phys.~Rev.~D",
      volume         = "48",
      pages          = "3160-3166",
      doi            = "10.1103/PhysRevD.48.3160",
      year           = "1993",
      eprint         = "hep-ph/9305266",
      archivePrefix  = "arXiv",
      primaryClass   = "hep-ph",
      reportNumber   = "CERN-TH-6860-93",
      SLACcitation   = "%%CITATION = HEP-PH/9305266;%%",
}
@article{Cacciari:2007fd,
      author         = "Cacciari, Matteo and Salam, Gavin P.",
      title          = "{Pileup Subtraction Using Jet Areas}",
      journal        = "Phys.~Lett.~B",
      volume         = "659",
      pages          = "119-126",
      doi            = "10.1016/j.physletb.2007.09.077",
      year           = "2008",
      eprint         = "0707.1378",
      archivePrefix  = "arXiv",
      primaryClass   = "hep-ph",
      reportNumber   = "LPTHE-07-01",
      SLACcitation   = "%%CITATION = ARXIV:0707.1378;%%",
}
@article{Cacciari:2008gn,
      author         = "Cacciari, Matteo and Salam, Gavin P. and Soyez, Gregory",
      title          = "{The Catchment Area of Jets}",
      journal        = "JHEP",
      volume         = "0804",
      pages          = "005",
      doi            = "10.1088/1126-6708/2008/04/005",
      year           = "2008",
      eprint         = "0802.1188",
      archivePrefix  = "arXiv",
      primaryClass   = "hep-ph",
      reportNumber   = "LPTHE-07-02",
      SLACcitation   = "%%CITATION = ARXIV:0802.1188;%%",
}
@phdthesis{Grogg:1376067,
      author       = "Grogg, Kira Suzanne and Smith, Wesley H ",
      title        = "Jets Produced in Association with $W$-bosons in CMS at the LHC",
      school       = "University of Wisconsin--Madison",
      address      = "Madison",
      year         = "2011",
      note         = "Presented 20 Jul 2011",
     archive    = "http://cds.cern.ch/record",
     eprint     = 1376067,
}
@Article{Hagiwara:1986vm,
     author    = "Hagiwara, Kaoru and Peccei, R. D. and Zeppenfeld, D. and
                  Hikasa, K.",
     title     = "{Probing the Weak Boson Sector in $e^+ e^- \to W^+ W^-$}",
     journal   = "Nucl.~Phys.~B",
     volume    = "282",
     year      = "1987",
     pages     = "253",
     doi       = "10.1016/0550-3213(87)90685-7",
     SLACcitation  = "%%CITATION = NUPHA,B282,253;%%"
}
@Article{Nakamura:2010zzi,
     author    = "Nakamura, K. and others",
     collaboration = "Particle Data Group",
     title     = "{Review of Particle Physics}",
     journal   = "J.~Phys.~G",
     volume    = "37",
     year      = "2010",
     pages     = "075021",
     doi       = "10.1088/0954-3899/37/7A/075021",
     SLACcitation  = "%%CITATION = JPHGB,G37,075021;%%"
}
@phdthesis{LopezMateos,
      author         = "Lopez Mateos, David",
      title          = "{Measurement of the Multi-Jet Production Cross Section at a Center-of-Mass Energy of 7 TeV at the Large Hadron Collider with the ATLAS Detector}",
      school         = "California Institute of Technology",
      year      = "2011",
      note           = "Presented 13 May 2011",
     archive    = "http://cds.cern.ch/record",
     eprint     = 1088183,
}
@article{PhysRevLett.25.316,
  title = {Massive Lepton-Pair Production in Hadron-Hadron Collisions at High Energies},
  author = {Drell, Sidney D. and Yan, Tung-Mow},
  journal = {Phys.~Rev.~Lett.},
  volume = {25},
  issue = {5},
  pages = {316--320},
  year = {1970},
  month = {Aug},
  doi = {10.1103/PhysRevLett.25.316},
  url = {http://link.aps.org/doi/10.1103/PhysRevLett.25.316},
  publisher = {American Physical Society}
}
@article{Agostinelli2003250,
title = "Geant4 -— a Simulation Toolkit",
journal = "Nuclear Instruments and Methods in Physics Research Section A: Accelerators, Spectrometers, Detectors and Associated Equipment",
volume = "506",
number = "3",
pages = "250 - 303",
year = "2003",
note = "",
issn = "0168-9002",
doi = "10.1016/S0168-9002(03)01368-8",
url = "http://www.sciencedirect.com/science/article/pii/S0168900203013688",
author = "S. Agostinelli and others",
keywords = "Simulation",
keywords = "Particle interactions",
keywords = "Geometrical modelling",
keywords = "Software engineering",
keywords = "Object-oriented technology",
keywords = "Distributed software development"
}
@ARTICLE{Allison1610988, 
author={Allison, J. and others}, 
journal={Nuclear Science, IEEE Transactions on}, title={Geant4 Developments and Applications}, 
year={2006}, 
month={feb. }, 
volume={53}, 
number={1}, 
pages={270 -278}, 
keywords={Geant4;astrophysics;high energy physics;performance optimization;space science;physics computing;}, 
doi={10.1109/TNS.2006.869826}, 
ISSN={0018-9499},
}
@article{Fruhwirth1987444,
title = "Application of Kalman filtering to track and vertex fitting",
journal = "Nuclear Instruments and Methods in Physics Research Section A: Accelerators, Spectrometers, Detectors and Associated Equipment",
volume = "262",
number = "2–3",
pages = "444 - 450",
year = "1987",
note = "",
issn = "0168-9002",
doi = "10.1016/0168-9002(87)90887-4",
url = "http://www.sciencedirect.com/science/article/pii/0168900287908874",
author = "R. Frühwirth"
}
@ARTICLE{Tung:2009,
AUTHOR = {Tung, W.},
TITLE   = {Bjorken Scaling},
YEAR	= "2009",
JOURNAL	= "Scholarpedia",
VOLUME  = "4",
NUMBER  = "3",
PAGES   = "7412",
}
@article{Ellis1979285,
title = "Perturbation Theory and the Parton Model in QCD",
journal = "Nuclear Physics B",
volume = "152",
number = "2",
pages = "285 - 329",
year = "1979",
note = "",
issn = "0550-3213",
doi = "10.1016/0550-3213(79)90105-6",
url = "http://www.sciencedirect.com/science/article/pii/0550321379901056",
author = "R.Keith Ellis and Howard Georgi and Marie Machacek and H.David Politzer and Graham G. Ross"
}
